<?xml version="1.0" encoding="UTF-8"?><record xmlns="http://www.loc.gov/MARC21/slim" xmlns:cinclude="http://apache.org/cocoon/include/1.0" xmlns:zs="http://www.loc.gov/zing/srw/">
  <leader>01028cz  a2200205n  4500</leader>
  <controlfield tag="001">n  88197873 </controlfield>
  <controlfield tag="003">DLC</controlfield>
  <controlfield tag="005">20081016081124.0</controlfield>
  <controlfield tag="008">900220n| acannaabn          |b aaa      </controlfield>
  <datafield tag="010" ind1=" " ind2=" ">
    <subfield code="a">n  88197873 </subfield>
  </datafield>
  <datafield tag="035" ind1=" " ind2=" ">
    <subfield code="a">(OCoLC)oca02689025</subfield>
  </datafield>
  <datafield tag="040" ind1=" " ind2=" ">
    <subfield code="a">DLC</subfield>
    <subfield code="b">eng</subfield>
    <subfield code="c">DLC</subfield>
    <subfield code="d">DLC</subfield>
    <subfield code="d">OClW</subfield>
    <subfield code="d">OCoLC</subfield>
  </datafield>
  <datafield tag="100" ind1="1" ind2=" ">
    <subfield code="a">Miyamoto, Sadaaki,</subfield>
    <subfield code="d">1950-</subfield>
  </datafield>
  <datafield tag="400" ind1="1" ind2=" ">
    <subfield code="a">Miyamota, S.</subfield>
    <subfield code="q">(Sadaaki),</subfield>
    <subfield code="d">1950-</subfield>
  </datafield>
  <datafield tag="400" ind1="1" ind2=" ">
    <subfield code="a">宮本定明,</subfield>
    <subfield code="d">1950-</subfield>
  </datafield>
  <datafield tag="667" ind1=" " ind2=" ">
    <subfield code="a">Machine-derived non-Latin script reference project.</subfield>
  </datafield>
  <datafield tag="667" ind1=" " ind2=" ">
    <subfield code="a">Non-Latin script reference not evaluated.</subfield>
  </datafield>
  <datafield tag="670" ind1=" " ind2=" ">
    <subfield code="a">His Fuzzy sets in information retrieval and cluster analysis, 1990:</subfield>
    <subfield code="b">CIP t.p. (Sadaaki Miyamoto; w. Univ. of Tsukuba)</subfield>
  </datafield>
  <datafield tag="670" ind1=" " ind2=" ">
    <subfield code="a">Kenkyūsha sōran, shizen, 1984:</subfield>
    <subfield code="b">p. 1695 (Miyamoto Sadaaki; b. 9/13/50; lectr., Tsukuba Daigaku; D.Eng.)</subfield>
  </datafield>
  <datafield tag="670" ind1=" " ind2=" ">
    <subfield code="a">Soft computing and human centered machines, c2000:</subfield>
    <subfield code="b">t.p. (S. Miyamoto) verso t.p. (Sadaaki Miyamoto; prof., Inst. of Engineering Mechanics and Systems, Univ. of Tsukuba, Ibaraki, Japan) CIP data sheet (Miyamoto, Sadaaki; b. Sept. 13, 1950)</subfield>
  </datafield>
</record>